<?xml version="1.0" encoding="UTF-8"?><record xmlns="http://www.loc.gov/MARC21/slim" xmlns:cinclude="http://apache.org/cocoon/include/1.0" xmlns:zs="http://www.loc.gov/zing/srw/">
  <leader>00430nz  a2200133n  4500</leader>
  <controlfield tag="001">n  95047417 </controlfield>
  <controlfield tag="003">DLC</controlfield>
  <controlfield tag="005">19950512112932.0</controlfield>
  <controlfield tag="008">950512n| acannaab|          |a aaa |||  </controlfield>
  <datafield tag="010" ind1=" " ind2=" ">
    <subfield code="a">n  95047417 </subfield>
  </datafield>
  <datafield tag="040" ind1=" " ind2=" ">
    <subfield code="a">DLC</subfield>
    <subfield code="c">DLC</subfield>
  </datafield>
  <datafield tag="100" ind1="1" ind2="0">
    <subfield code="a">Sahai, Hardev,</subfield>
    <subfield code="d">1892-1962</subfield>
  </datafield>
  <datafield tag="400" ind1="0" ind2="0">
    <subfield code="a">Hardev Sahai,</subfield>
    <subfield code="d">1892-1962</subfield>
  </datafield>
  <datafield tag="670" ind1=" " ind2=" ">
    <subfield code="a">Lala Hardev Sahai, 1892-1962 ... 1995:</subfield>
    <subfield code="b">p. 22 (Lala Hardev Sahai; born in a Vaishya family of Satrod village of Hisar District)</subfield>
  </datafield>
</record>